@article{ketkar2017introduction,
    author = {Ketkar, Nikhil},
    title = {Introduction to pytorch},
    journal = {Medium},
    year = {2017}
}