%! Author = Matty
%! Date = 2/27/2025

